<record><leader>00000cas a22000007a 4500</leader><controlfield tag="001">24787062</controlfield><controlfield tag="008">911115d18uu1928ohuwr ne      0    0eng d</controlfield><datafield ind1=" " ind2=" " tag="010"><subfield code="a">sn 91074629 </subfield></datafield><datafield ind1=" " ind2=" " tag="040"><subfield code="a">ONP</subfield><subfield code="b">eng</subfield><subfield code="c">ONP</subfield><subfield code="d">OCL</subfield><subfield code="d">OCLCQ</subfield><subfield code="d">OCLCO</subfield></datafield><datafield ind1=" " ind2=" " tag="042"><subfield code="a">msc</subfield></datafield><datafield ind1=" " ind2=" " tag="043"><subfield code="a">n-us-oh</subfield></datafield><datafield ind1="0" ind2=" " tag="130"><subfield code="a">Index (Newcomerstown, Ohio)</subfield></datafield><datafield ind1="1" ind2="4" tag="245"><subfield code="a">The Index.</subfield></datafield><datafield ind1=" " ind2=" " tag="260"><subfield code="a">Newcomerstown, O. [Ohio] :</subfield><subfield code="b">Temple &amp; Broome</subfield></datafield><datafield ind1=" " ind2=" " tag="300"><subfield code="a">v.</subfield></datafield><datafield ind1=" " ind2=" " tag="310"><subfield code="a">Weekly</subfield></datafield><datafield ind1="1" ind2=" " tag="362"><subfield code="a">Ceased in Mar. 1928.</subfield></datafield><datafield ind1=" " ind2=" " tag="588"><subfield code="a">Description based on: Vol. 10, no. 10 (Mar. 22, 1888).</subfield></datafield><datafield ind1=" " ind2="0" tag="651"><subfield code="a">Newcomerstown (Ohio)</subfield><subfield code="v">Newspapers.</subfield></datafield><datafield ind1=" " ind2="0" tag="651"><subfield code="a">Tuscarawas County (Ohio)</subfield><subfield code="x">Newcomerstown.</subfield></datafield><datafield ind1=" " ind2=" " tag="752"><subfield code="a">United States</subfield><subfield code="b">Ohio</subfield><subfield code="c">Tuscarawas</subfield><subfield code="d">Newcomerstown.</subfield></datafield><datafield ind1="0" ind2="0" tag="780"><subfield code="t">Newcomerstown index (Newcomerstown, Ohio)</subfield><subfield code="w">(DLC)sn 91074642</subfield></datafield><datafield ind1="0" ind2="7" tag="785"><subfield code="t">Newcomerstown news (Newcomerstown, Ohio : 1898)</subfield><subfield code="w">(DLC)sn 84028899</subfield></datafield><datafield ind1="0" ind2="7" tag="785"><subfield code="t">Newcomerstown news and index</subfield><subfield code="w">(DLC)sn 91074641</subfield></datafield></record>